@misc{tezos-whitepaper,
author = {L. Goodman},
title = {{Tezos}-A Self-Amending Crypto-Ledger},
year = {2014},
url = {https://www.tezos.com/static/papers/white-paper.pdf},
}
@misc{michelson,
key= {Michelson},
title = {{Michelson}: The Language of Smart Contracts in {Tezos}},
url = {https://tezos.gitlab.io/alpha/michelson.html},
}
@misc{ligo,
  key= {ligo},
  title={{Ligo}: Smart Contract Language for {Tezos}},
  url={https://ligolang.org/},
}
@misc{smartpy,
  key= {smartpy},
  title={{SmartPy}: Smart Contracts on {Tezos}},
  url={https://smartpy.io/},
}

@misc{liquidity,
  key= {liquidity},
  title={{Liquidity}},
  url={https://liquidity-lang.org/},
}
@misc{erc,
  key= {erc},
  title={{ERC-20}},
  url={https://ethereum.org/en/developers/docs/standards/tokens/erc-20},
}

@misc{fa,
  key= {fa},
  title={{FA1.2 tokens}},
  url={https://docs.tezos.com/architecture/tokens/FA1.2},
}
@misc{fas,
  key= {fa},
  title={{FA1.2 tokens}},
  url={https://docs.tezos.com/architecture/tokens/FA2},
}
@misc{fatzip,
  key= {fatzip},
  title={{FA1.2 token standard}},
  url={https://gitlab.com/tezos/tzip/-/blob/master/proposals/tzip-7/tzip-7.md},
}

@misc{fatzips,
  key= {fatzips},
  title={{FA 2 token standard}},
  url={https://gitlab.com/tezos/tzip/-/blob/master/proposals/tzip-12/tzip-12.md},
}

@misc{usdtz,
  key= {usdtz},
  title={{USDtz Whitepaper}},
  url={https://docs.usdtz.com/},
}

@misc{usdtzimplemetation,
  key= {usdtz},
  title={{USDtz Whitepaper}},
  url={https://docs.usdtz.com/usdtz-whitepaper},
}

@misc{kolibri,
  key= {kolibri},
  title={{Kolibri} oracle contract},
  url={https://kolibri.finance/docs/components/oracle},
}

@misc{tzstatsusdtz,
  key= {tzstatsusdtz},
  title={{Tzstats: USDtz}},
  url={https://tzstats.com/KT1LN4LPSqTMS7Sd2CJw4bbDGRkMv2t68Fy9},
}
@misc{tzstatskolibri,
  key= {tzstatskolibri},
  title={{Tzstats: Kolibri oracle Contract}},
  url={https://tzstats.com/KT1Tj6xknbwjyK5gyfESNR6WESBcP3yX1mmj},
}

@misc{eth-whitepaper,
author = {Vitalik Buterin},
title = {A Next-Generation Smart Contract and Decentralized Application Platform},
year = {2013},
url = {https://ethereum.org/en/whitepaper/},
}
@misc{attack-vector,
  key= {attack-vector},
  title={ERC20 API: An Attack Vector on the Approve/TransferFrom Methods},
url = {https://docs.google.com/document/d/1YLPtQxZu1UAvO9cZ1O2RPXBbT0mooh4DYKjA_jp-RLM/edit#heading=h.m9fhqynw2xvt},
}

@inproceedings{securify,
  author    = {Petar Tsankov and Andrei Dan and Dana Drachsler-Cohen and Arthur Gervais and Florian Bünzli and Martin Vechev},
  title     = {Securify: Practical Security Analysis of Smart Contracts},
  booktitle = {Proceedings of the 2018 ACM SIGSAC Conference on Computer and Communications Security},
  year      = {2018},
  month     = {October},
  pages     = {67--82},
  doi       = {10.1145/3243734.3243780},
}

@inproceedings{kevm,
  author={Hildenbrandt, Everett and Saxena, Manasvi and Rodrigues, Nishant and Zhu, Xiaoran and Daian, Philip and Guth, Dwight and Moore, Brandon and Park, Daejun and Zhang, Yi and Stefanescu, Andrei and Rosu, Grigore},
  booktitle={2018 IEEE 31st Computer Security Foundations Symposium (CSF)}, 
  title={{KEVM}: A Complete Formal Semantics of the {Ethereum} Virtual Machine}, 
  year={2018},
  volume={},
  number={},
  pages={204-217},
  doi={10.1109/CSF.2018.00022}}

@inproceedings{manticore,
  author={Mossberg, Mark and Manzano, Felipe and Hennenfent, Eric and Groce, Alex and Grieco, Gustavo and Feist, Josselin and Brunson, Trent and Dinaburg, Artem},
  booktitle={2019 34th IEEE/ACM International Conference on Automated Software Engineering (ASE)}, 
  title={Manticore: A User-Friendly Symbolic Execution Framework for Binaries and Smart Contracts}, 
  year={2019},
  volume={},
  number={},
  pages={1186-1189},
  doi={10.1109/ASE.2019.00133}}
@inproceedings{isabelle,
  author    = {Sidney Amani and Myriam Bégel and Maksym Bortin and Mark Staples},
  title     = {Towards Verifying {Ethereum} Smart Contract Bytecode in {Isabelle/HOL}},
  booktitle = {Proceedings of the 7th ACM SIGPLAN International Conference on Certified Programs and Proofs (CPP)},
  year      = {2018},
  month     = {January},
  pages     = {66--77},
  doi       = {10.1145/3167084},
}

@inproceedings{micho,
  author    = {Bernardo, B. and Cauderlier, R. and Hu, Z. and Pesin, B. and Tesson, J.},
  title     = {{Mi-Cho-Coq}, a Framework for Certifying {Tezos} Smart Contracts},
  booktitle = {Formal Methods. FM 2019 International Workshops - Porto, Portugal, October 7-11, 2019, Revised Selected Papers, Part I},
  series    = {Lecture Notes in Computer Science},
  volume    = {12232},
  pages     = {368--379},
  publisher = {Springer},
  year      = {2019},
  doi       = {10.1007/978-3-030-54994-7_28},
}

@inproceedings{hirai,
  author    = {Y. Hirai},
  title     = {Defining the {Ethereum} Virtual Machine for Interactive Theorem Provers},
  booktitle = {Financial Cryptography and Data Security},
  pages     = {520--535},
  publisher = {Springer International Publishing},
  year      = {2017},
}
@inproceedings{solc,
  author    = {Á. Hajdu and D. Jovanović},
  title     = {solc-verify: A Modular Verifier for Solidity Smart Contracts},
  booktitle = {Verified Software. Theories, Tools, and Experiments},
  editor    = {S. Chakraborty and J. A. Navas},
  pages     = {161--179},
  publisher = {Springer International Publishing},
  year      = {2020},
}

@inproceedings{oyente,
  author    = {Loi Luu and Duc-Hiep Chu and Hrishi Olickel and Prateek Saxena and Aquinas Hobor},
  title     = {Making Smart Contracts Smarter},
  booktitle = {Proceedings of the 2016 ACM SIGSAC Conference on Computer and Communications Security (CCS)},
  pages     = {254--269},
  year      = {2016},
}

@inproceedings{verx,
  author={Permenev Anton and Dimitrov Dimitar and Tsankov Petar and Drachsler-Cohen, Dana and Vechev, Martin},
  booktitle={2020 IEEE Symposium on Security and Privacy (SP)}, 
  title={VerX: Safety Verification of Smart Contracts}, 
  year={2020},
  volume={},
  number={},
  pages={1661-1677},
  doi={10.1109/SP40000.2020.00024},}

@article{helmholtz,
  author    = {Yuki Nishida and Hiromasa Saito and Ran Chen and Akira Kawata and Jun Furuse and Kohei Suenaga and Atsushi Igarashi},
  title     = {{HELMHOLTZ}: A Verifier for {Tezos} Smart Contracts Based on Refinement Types},
  journal   = {New Generation Computing},
  volume    = {40},
  pages     = {507--540},
  year      = {2022},
  doi       = {10.1007/s00354-022-00167-1},
}

@inproceedings{icontract,
  author    = {Nguyen, Tai D. and Pham, Long H. and Sun, Jun and Le, Quang Loc},
  editor    = {Li, Yi and Tahar, Sofiene},
  title     = {An Idealist's Approach for Smart Contract Correctness},
  booktitle = {Formal Methods and Software Engineering},
  year      = {2023},
  publisher = {Springer Nature Singapore},
  address   = {Singapore},
  pages     = {11--28},
  isbn      = {978-981-99-7584-6},
}


@inproceedings{park,
  author    = {Daejun Park and Yi Zhang and Manasvi Saxena and Philip Daian and Grigore Roșu},
  title     = {A Formal Verification Tool for {Ethereum} {VM} Bytecode},
  booktitle = {Proceedings of the 2018 26th ACM Joint Meeting on European Software Engineering Conference and Symposium on the Foundations of Software Engineering (ESEC/FSE)},
  year      = {2018},
  month     = {October},
  pages     = {912--915},
  doi       = {10.1145/3236024.3264591},
}


@misc{dao,
key= {dao},
title = {Understanding The {DAO} Attack},
url = {https://www.coindesk.com/learn/understanding-the-dao-attack/},
}

@misc{wallethack,
key= {wallethack},
title = {The Parity Wallet Hack Explained},
url = {https://blog.openzeppelin.com/on-the-parity-wallet-multisig-hack-405a8c12e8f7},
}

@InProceedings{z3,
author="de Moura, Leonardo
and Bj{\o}rner, Nikolaj",
editor="Ramakrishnan, C. R.
and Rehof, Jakob",
title="{Z3}: An Efficient {SMT} Solver",
booktitle="Tools and Algorithms for the Construction and Analysis of Systems",
year="2008",
publisher="Springer Berlin Heidelberg",
address="Berlin, Heidelberg",
pages="337--340",
isbn="978-3-540-78800-3"
}


